<record><leader>00000cas a22000007a 4500</leader><controlfield tag="001">21572305</controlfield><controlfield tag="008">900522d18uu19uuarudr ne      0    0eng d</controlfield><datafield ind1=" " ind2=" " tag="010"><subfield code="a">sn 90050184 </subfield></datafield><datafield ind1=" " ind2=" " tag="040"><subfield code="a">ANU</subfield><subfield code="b">eng</subfield><subfield code="c">ANU</subfield><subfield code="d">OCLCQ</subfield></datafield><datafield ind1=" " ind2=" " tag="042"><subfield code="a">msc</subfield></datafield><datafield ind1="0" ind2="0" tag="245"><subfield code="a">Newport evening news.</subfield></datafield><datafield ind1=" " ind2=" " tag="260"><subfield code="a">Newport, Ark. :</subfield><subfield code="b">[s.n.]</subfield></datafield><datafield ind1=" " ind2=" " tag="300"><subfield code="a">v.</subfield></datafield><datafield ind1=" " ind2=" " tag="310"><subfield code="a">Daily</subfield></datafield><datafield ind1=" " ind2=" " tag="588"><subfield code="a">Description based on: Vol. 10, no. 266 (Feb. 24, 1900).</subfield></datafield><datafield ind1=" " ind2=" " tag="752"><subfield code="a">United States</subfield><subfield code="b">Arkansas</subfield><subfield code="c">Jackson</subfield><subfield code="d">Newport.</subfield></datafield><datafield ind1="0" ind2="0" tag="780"><subfield code="t">Newport semi-weekly news</subfield><subfield code="w">(DLC)sn 90050192</subfield></datafield></record>